                  

@inproceedings{Goldberg,
 author = {Goldberg, Evgueni I. and Novikov, Yakov},
 title = {Verification of Proofs of Unsatisfiability for {CNF} Formulas},
 booktitle = {Design, Automation and Test in Europe (DATE)},
 year = {2003},
 isbn = {0-7695-1870-2},
 xurl = {http://dl.acm.org/citation.cfm?id=789083.1022836},
 acmid = {1022836},
 xpublisher = {IEEE Computer Society},
 pages="886--891",
addressx = {Washington, DC, USA},
}

@inproceedings{heule:JAR2014,
  author={Heule, Marijn J. H. and Seidl, Martina and Biere, Armin},
  title={A Unified Proof System for {QBF} Preprocessing},
  booktitle={International Joint Conference on Automated Reasoning (IJCAR)},
  year={2014},
  series={LNCS},
  volume={8562},
  pages={91--106},
  isbn={978-3-319-08587-6},
}

                  
@article{sundermann:eme:2023,
author = "Chico Sundermann and Tobias He\ss{} and Michael Nieke and Paul Maximilian Bittner and Jeffrey M. Young and Thomas {Th\"{u}m} and Ina Schaefer",
title = "Evaluating State-of-the-Art \#{SAT} Solvers on Industrial Configuration Spaces",
journal = "Empirical Software Engineering",
publisher = "Springer",
year = "2023",
month = "January",
volume = "28",
}


@inproceedings{bryant:cade:2021,
author="Randal E. Bryant and Marijn J. H. Heule",
title="Dual Proof Generation for Quantified {B}oolean Formulas with a {BDD}-Based Solver",
booktitle = "Conference on Automated Deduction (CADE)",
year=2021,
series="LNAI",
volume="12699",
pages="433--449",
}
                  

@article{darwiche:jair:2002,
    author = "Adnan Darwiche and Pierre Marquis",
    title = "A Knowledge Compilation Map",
    journal = "Journal of Artificial Intelligence Research",
    year="2002",
    volume=17,                  
}


@article{blum:ipl:1980,
    author="Manuel Blum and Ashok K. Chandra and Mark N. Wegman",
    title="Equivalence of Free {B}oolean Graphs can be Decided Probabilistically in Polynomial Time",
    journal="Information Processing Letters",
    volume=10,
    number=2,
    year="18 March 1980",
    pages="80--82"
}


@inproceedings{darwiche:ijcai:2011,
author = "Adnan Darwiche",
title = "{SDD}: A New Canonical Representation of Propositional Knowledge Bases",
booktitle = "International Joint Conference on Artificial Intelligence",
year="2011",
pages="819--826"
}

@inproceedings{dudek:aaai:2020,
author = "Jeffrey M. Dudek and Vu H. N. Phan and Moshe Y. Vardi",
title="{ADDMC}: Weighted Model Counting with Algebraic Decision Diagrams",
booktitle="AAAI Conference on Artificial Intelligence",
year="2020",
pages="1468--1475",
}


@InProceedings{lrat,
author="Heule, Marijn J. H.
and Hunt, Warren A.
and Kaufmann, Matt
and Wetzler, Nathan D.",
title="Efficient, Verified Checking of Propositional Proofs",
booktitle="Interactive Theorem Proving",
series="LNCS",
volume="10499",                  
year="2017",
pages="269--284",
}


@unpublished{biere-cadical-2019,
author="Armin Biere",
title="{CaDiCaL} at the {SAT} Race",
note="unpublished",
year=2019
}

@InProceedings{cruz-cade-2017,
author="Cruz-Filipe, Lu{\'i}s
and Heule, Marijn J. H.
and Hunt, Warren A.
and Kaufmann, Matt
and Schneider-Kamp, Peter",
title="Efficient Certified {RAT} Verification",
booktitle="Conference on Automated Deduction (CADE)",
year="2017",
series="LNCS",
volume="10395",
pages="220--236",
}                  


@INPROCEEDINGS(brace-dac-1990,
    key="Bryant",
    Author="Karl S. Brace and Richard L. Rudell and Randal E. Bryant",
    Title="Efficient Implementation of a {BDD} Package",
    BookTitle="Design Automation Conference (DAC)",
    pages="40--45",
    year="1990",
    month="June")


@inproceedings(minato-dac-1990,
  key="Minato",
  author = "Shin-Ichi Minato and Nagisa Ishiura and Shuzo Yajima",
  title="Shared Binary Decision Diagrams with Attributed Edges for Efficient {Boolean} Function Manipulation",
  BookTitle="Design Automation Conference (DAC)",
  pages="52--57",
  year="1990",
  month="June")
                  


@article{robinson-1965,
author = "John A. Robinson",
title = "A Machine-Oriented Logic Based on the Resolution Principle",
journal = "J.ACM",
volume = 12,
number = 1,
month = "January",
year = "1965",
pages = "23--41"
}

}

@article{Bryant:1986,
  author    = {Randal E. Bryant},
  title     = {Graph-Based Algorithms for {B}oolean Function Manipulation},
  journal   = {IEEE Trans. Computers},
  volume    = {35},
  number    = {8},
  year      = {1986},
  pages     = {677-691},
  bibsource = {DBLP, http://dblp.uni-trier.de}
}

@inproceedings{Tseitin:1983,
author="Tseitin, G. S.",
title="On the Complexity of Derivation in Propositional Calculus",
booktitle="Automation of Reasoning: 2: Classical Papers on Computational Logic 1967--1970",
year="1983",
publisher="Springer",
addressx="Heidelberg",
pages="466--483",
isbn="978-3-642-81955-1",
}

@inproceedings{RAT,
  author    = {Heule, Marijn J. H. and
               {Hunt, Jr.}, Warren A. and
               Wetzler, Nathan D.},
  title     = {Verifying Refutations with Extended Resolution},
  booktitle = {Conference on Automated Deduction (CADE)},
  addressx= {Heidelberg},
  pages     = {345--359},
  year      = {2013},
  series    = {LNCS},
  volume    = {7898},
}
@inproceedings{vangelder08_verifying_rup_proofs,
  title={Verifying {RUP} Proofs of Propositional Unsatisfiability},
  author={Van Gelder, Allen},
  booktitle={Proc.\ of the 10th Int.\ Symposium on Artificial Intelligence and Mathematics \textsc{(}ISAIM~2008\textsc{)}},
  year={2008}
}
