@inproceedings{shih:nips:2019,
author = "Shih, Andy and Van den Broeck, Guy and Beame, Paul and Amarilli, Antoine",
title = "Smoothing Structured Decomposable Circuits",
booktitle = "Advances in Neural Information Processing Systems",
year = "2019",
volume = "32"
}


@inproceedings{bryant:sat:2023,
author = "Randal E. Bryant and Wojciech Nawrocki and Jeremy Avigad and Marijn J. H. Heule",
title = "Certified Knowledge Compilation with Application to Verified Model Counting",
booktitle={Theory and Applications of Satisfiability Testing (SAT)},
year=2023,
month = "July",
publisher={Schloss Dagstuhl},
xdoi = {10.5281/zenodo.7966174},
xurl = {https://doi.org/10.5281/zenodo.7966174},
}


@misc{bryant:sat:2023:supplement,
author = "Randal E. Bryant and Wojciech Nawrocki and Jeremy Avigad and Marijn J. H. Heule",
title = "Supplement to Certified Knowledge Compilation with Application to Verified Model Counting",
year=2023,
month = "May",
publisher={Zenodo},
doi = {10.5281/zenodo.7966174},
url = {https://doi.org/10.5281/zenodo.7966174},
}

@inproceedings{lagniez:aaai:2014,
author="Jean-Marie Lagniez and Pierre Marquis",
title="Preprocessing for Propositional Model Counting",
booktitle="AAAI Conference on Artificial Intelligence (AAAI)",
year=2021,
xvolume=28,
xnumber=1
}
                  

@inproceedings{heule:cade:2013,
  author    = {Heule, Marijn J. H. and
               {Hunt, Jr.}, Warren A. and
               Wetzler, Nathan D.},
  title     = {Verifying Refutations with Extended Resolution},
  booktitle = {Conference on Automated Deduction (CADE)},
  addressx= {Heidelberg},
  pages     = {345--359},
  year      = {2013},
  series    = {LNCS},
  volume    = {7898},
}

                  
@inproceedings{jarvisalo:ijcar:2012,
  author    = {J{\"{a}}rvisalo, Matti and
               Heule, Marijn J. H. and
               Biere, Armin},
  title     = {Inprocessing Rules},
  booktitle = "International Joint Conference on Automated Reasoning (IJCAR)",
  pages     = {355--370},
  year      = {2012},
  series    = {LNCS},
  volume    = {7364},
  publisherx = {Springer},
  addressx = {Heidelberg}
}


@inproceedings{capelli:sat:2019,
author="Florent Capelli",
title="Knowledge Compilation Languages as Proof Systems",
booktitle={Theory and Applications of Satisfiability Testing (SAT)},
year={2019},
pages={90--91},
series={LNCS},
volume={11628},
}
                  

@inproceedings{capelli:aaai:2021,
author="Florent Capelli and Jean-Marie Lagniez and Pierre Marquis",
title="Certifying Top-Down Decision-{DNNF} Compilers",
booktitle="AAAI Conference on Artificial Intelligence (AAAI)",
year=2021,
xvolume=35,
xnumber=7
}

@inproceedings{monet:amw:2018,
author = "{Mika\"el} Monet and Dan Olteanu",
title = "Towards Deterministic Decomposable Circuits for Safe Queries",
booktitle="{A}lberto {M}endelzon International Workshop on Foundations of Data Management (AMW)",
year=2018
}

@inproceedings{oztok:cp:2014,
author = "Umut Oztok and Adnan Darwiche",
title="On Compiling {CNF} into Decision-{DNNF}",
booktitle="Constraint Programming (CP)",
series="LNCS",
volume="8656",
year="2014",
pages="42--57"
}

@inproceedings{demoura:cade:2021,
author="Leonardo {de Moura} and Sebastian Ulrich",
title="The {L}ean 4 Theorem Prover and Programming Language",
booktitle = "Conference on Automated Deduction (CADE)",
year=2021,
series="LNAI",
volume="12699",
pages="625--635",
}

@inproceedings{Tan:2021,
title="cake\_lpr: Verified Propagation Redundancy Checking in {CakeML}",
author="Yong Kiam Tan and Marijn J. H. Heule and Magnus O. Myreen",
year=2021,
pages="223--241",
booktitle = {Tools and Algorithms for the Construction and Analysis of Systems (TACAS), Part II},
series="LNCS",
volume="12652",
}


@inproceedings{ZhangMalik,
author = {Zhang, Lintao and Malik, Sharad},
title = {Validating {SAT} Solvers Using an Independent Resolution-Based Checker: Practical Implementations and Other Applications},
year = {2003},
booktitle = {Design, Automation and Test in Europe (DATE)},
pages = {880-885},
}

@article{valiant:siam:1979,
  author = "Leslie G. Valiant",
  title = "The Complexity of Enumeration and Reliability Problems",
  journal = "SIAM Journal of Computing",
  year="1979",
  volume = "8",
  number = "3",
  pages = "410--421"
}


@inproceedings{biere-cadical-2019,
  author    = {Armin Biere},
  title     = {{CaDiCaL} at the {SAT} {Race} 2019},
  pages     = {8-9},
  booktitle = {Proc.~of {SAT Race} 2019 -- Solver and Benchmark Descriptions},
  volume    = {B-2019-1},
  series    = {Department of Computer Science Series of Publications B},
  publisher = {University of Helsinki},
  year      = 2019,
}

@article{kimmig:jal:2017,
author = {Angelika Kimmig and Guy Van~den~Broeck and Luc De~Raedt},
title = {Algebraic Model Counting},
journal = {Journal of Applied Logic},
volume="22",
year="2017",
month = "July",
pages = "46--62"
}

@inproceedings{fichte:sat:2022,
  title="Proofs for propositional model counting",
  author={Fichte, Johannes K and Hecher, Markus and Roland, Valentin},
  booktitle={Theory and Applications of Satisfiability Testing (SAT)},
  year={2022},
  organization={Schloss Dagstuhl-Leibniz-Zentrum f{\"u}r Informatik}
}


@inproceedings{Goldberg,
 author = {Goldberg, Evgueni I. and Novikov, Yakov},
 title = {Verification of Proofs of Unsatisfiability for {CNF} Formulas},
 booktitle = {Design, Automation and Test in Europe (DATE)},
 year = {2003},
 isbn = {0-7695-1870-2},
 xurl = {http://dl.acm.org/citation.cfm?id=789083.1022836},
 acmid = {1022836},
 xpublisher = {IEEE Computer Society},
 pages="886--891",
addressx = {Washington, DC, USA},
}

@inproceedings{heule:JAR2014,
  author={Heule, Marijn J. H. and Seidl, Martina and Biere, Armin},
  title={A Unified Proof System for {QBF} Preprocessing},
  booktitle={International Joint Conference on Automated Reasoning (IJCAR)},
  year={2014},
  series={LNCS},
  volume={8562},
  pages={91--106},
  isbn={978-3-319-08587-6},
}


@article{sundermann:eme:2023,
author = "Chico Sundermann and Tobias He\ss{} and Michael Nieke and Paul Maximilian Bittner and Jeffrey M. Young and Thomas {Th\"{u}m} and Ina Schaefer",
title = "Evaluating State-of-the-Art \#{SAT} Solvers on Industrial Configuration Spaces",
journal = "Empirical Software Engineering",
publisher = "Springer",
year = "2023",
month = "January",
volume = "28",
}


@inproceedings{bryant:cade:2021,
author="Randal E. Bryant and Marijn J. H. Heule",
title="Dual Proof Generation for Quantified {B}oolean Formulas with a {BDD}-Based Solver",
booktitle = "Conference on Automated Deduction (CADE)",
year=2021,
series="LNAI",
volume="12699",
pages="433--449",
}

@inproceedings{darwiche:aaai:2002,
   author= "Adnan Darwiche",
   title = "A Compiler for Deterministic, Decomposable Negation Normal Form",
   booktitle = "Association for the Advancement of Artificial Intelligence (AAAI)",
   year="2002",
}


@inproceedings{darwiche:ecai:2004,
   author= "Adnan Darwiche",
   title = "New Advances in Compiling {CNF} to Decomposable Negation Normal Form",
   booktitle = "European Conference on Artificial Intelligence",
   year="2004",
   pages="328--332",
}

@article{darwiche:jair:2002,
    author = "Adnan Darwiche and Pierre Marquis",
    title = "A Knowledge Compilation Map",
    journal = "Journal of Artificial Intelligence Research",
    year="2002",
    volume=17,
}

@article{huang:jair:2007,
   author = "Jinbo Huang and Adnan Darwiche",
   title = "The Language of Search",
   journal = "Journal of Artificial Intelligence Research",
   year="2007",
   volume=22,
   pages="191--219",                  
}

@article{blum:ipl:1980,
    author="Manuel Blum and Ashok K. Chandra and Mark N. Wegman",
    title="Equivalence of Free {B}oolean Graphs can be Decided Probabilistically in Polynomial Time",
    journal="Information Processing Letters",
    volume=10,
    number=2,
    year="18 March 1980",
    pages="80--82"
}

@inproceedings{lagniez:ijcai:2017,
author = "Jean-Marie Lagniez and Pierre Marquis",
title = "An Improved Decision-{DNNF} Compiler",
booktitle = "International Joint Conference on Artificial Intelligence",
year="2017",
pages="667--673"
}



@inproceedings{darwiche:ijcai:2011,
author = "Adnan Darwiche",
title = "{SDD}: A New Canonical Representation of Propositional Knowledge Bases",
booktitle = "International Joint Conference on Artificial Intelligence",
year="2011",
pages="819--826"
}

@inproceedings{dudek:aaai:2020,
author = "Jeffrey M. Dudek and Vu H. N. Phan and Moshe Y. Vardi",
title="{ADDMC}: Weighted Model Counting with Algebraic Decision Diagrams",
booktitle="AAAI Conference on Artificial Intelligence",
year="2020",
pages="1468--1475",
}


@InProceedings{lrat,
author="Heule, Marijn J. H.
and Hunt, Warren A.
and Kaufmann, Matt
and Wetzler, Nathan D.",
title="Efficient, Verified Checking of Propositional Proofs",
booktitle="Interactive Theorem Proving",
series="LNCS",
volume="10499",
year="2017",
pages="269--284",
}


@InProceedings{cruz-cade-2017,
author="Cruz-Filipe, Lu{\'i}s
and Heule, Marijn J. H.
and Hunt, Warren A.
and Kaufmann, Matt
and Schneider-Kamp, Peter",
title="Efficient Certified {RAT} Verification",
booktitle="Conference on Automated Deduction (CADE)",
year="2017",
series="LNCS",
volume="10395",
pages="220--236",
}


@INPROCEEDINGS(brace-dac-1990,
    key="Bryant",
    Author="Karl S. Brace and Richard L. Rudell and Randal E. Bryant",
    Title="Efficient Implementation of a {BDD} Package",
    BookTitle="Design Automation Conference (DAC)",
    pages="40--45",
    year="1990",
    month="June")


@inproceedings(minato-dac-1990,
  key="Minato",
  author = "Shin-Ichi Minato and Nagisa Ishiura and Shuzo Yajima",
  title="Shared Binary Decision Diagrams with Attributed Edges for Efficient {Boolean} Function Manipulation",
  BookTitle="Design Automation Conference (DAC)",
  pages="52--57",
  year="1990",
  month="June")



@article{robinson-1965,
author = "John A. Robinson",
title = "A Machine-Oriented Logic Based on the Resolution Principle",
journal = "J.ACM",
volume = 12,
number = 1,
month = "January",
year = "1965",
pages = "23--41"
}

}

@article{Bryant:1986,
  author    = {Randal E. Bryant},
  title     = {Graph-Based Algorithms for {B}oolean Function Manipulation},
  journal   = {IEEE Trans. Computers},
  volume    = {35},
  number    = {8},
  year      = {1986},
  pages     = {677-691},
  bibsource = {DBLP, http://dblp.uni-trier.de}
}

@inproceedings{Tseitin:1983,
author="Tseitin, G. S.",
title="On the Complexity of Derivation in Propositional Calculus",
booktitle="Automation of Reasoning: 2: Classical Papers on Computational Logic 1967--1970",
year="1983",
publisher="Springer",
addressx="Heidelberg",
pages="466--483",
isbn="978-3-642-81955-1",
}

@inproceedings{wetzler14_drattrim,
author={Wetzler, Nathan D.
and Heule, Marijn J. H.
and Hunt Jr., Warren A.},
title={{DRAT}-trim: Efficient Checking and Trimming Using Expressive Clausal Proofs},
booktitle={Theory and Applications of Satisfiability Testing (SAT)},
year={2014},
pages={422--429},
series={LNCS},
volume={8561},
}

@inproceedings{vangelder08_verifying_rup_proofs,
  title={Verifying {RUP} Proofs of Propositional Unsatisfiability},
  author={Van Gelder, Allen},
  booktitle={Proc.\ of the 10th Int.\ Symposium on Artificial Intelligence and Mathematics \textsc{(}ISAIM~2008\textsc{)}},
  year={2008}
}

@inproceedings{23limperg_aesop_white_box_best_first_proof_search_lean,
  author    = {Jannis Limperg and
               Asta Halkj{\ae}r From},
  title     = {Aesop: White-Box Best-First Proof Search for {L}ean},
  booktitle = {Certified Programs and Proofs (CPP)},
  pages     = {253--266},
  publisher = {{ACM}},
  year      = {2023},
  timestamp = {Fri, 13 Jan 2023 13:05:42 +0100},
  biburl    = {https://dblp.org/rec/conf/cpp/LimpergF23.bib},
  bibsource = {dblp computer science bibliography, https://dblp.org}
}

@article{Cruz:Filipe:et:al:16,
  author    = {Lu{\'{\i}}s Cruz{-}Filipe and
               Marijn Heule and
               Warren A. Hunt Jr. and
               Matt Kaufmann and
               Peter Schneider{-}Kamp},
  title     = {Efficient Certified {RAT} Verification},
  journal   = {CoRR},
  volume    = {abs/1612.02353},
  year      = {2016},
  url       = {http://arxiv.org/abs/1612.02353},
  eprinttype = {arXiv},
  eprint    = {1612.02353},
  timestamp = {Mon, 13 Aug 2018 16:46:30 +0200},
  biburl    = {https://dblp.org/rec/journals/corr/Cruz-FilipeHHKS16.bib},
  bibsource = {dblp computer science bibliography, https://dblp.org}
}

@inproceedings{Heule:et:al:17,
  author    = {Marijn Heule and
               Warren A. Hunt Jr. and
               Matt Kaufmann and
               Nathan Wetzler},
  editor    = {Mauricio Ayala{-}Rinc{\'{o}}n and
               C{\'{e}}sar A. Mu{\~{n}}oz},
  title     = {Efficient, Verified Checking of Propositional Proofs},
  booktitle = {Interactive Theorem Proving - 8th International Conference, {ITP}
               2017, Bras{\'{\i}}lia, Brazil, September 26-29, 2017, Proceedings},
  series    = {Lecture Notes in Computer Science},
  volume    = {10499},
  pages     = {269--284},
  publisher = {Springer},
  year      = {2017},
  url       = {https://doi.org/10.1007/978-3-319-66107-0\_18},
  doi       = {10.1007/978-3-319-66107-0\_18},
  timestamp = {Tue, 14 May 2019 10:00:37 +0200},
  biburl    = {https://dblp.org/rec/conf/itp/HeuleHKW17.bib},
  bibsource = {dblp computer science bibliography, https://dblp.org}
}

@article{Lammich:20,
  author    = {Peter Lammich},
  title     = {Efficient Verified {(UN)SAT} Certificate Checking},
  journal   = {J. Autom. Reason.},
  volume    = {64},
  number    = {3},
  pages     = {513--532},
  year      = {2020},
  timestamp = {Fri, 14 May 2021 08:32:56 +0200},
  biburl    = {https://dblp.org/rec/journals/jar/Lammich20.bib},
  bibsource = {dblp computer science bibliography, https://dblp.org}
}

@inproceedings{Ullrich:de:Moura:19,
  author    = {Sebastian Ullrich and
               Leonardo de Moura},
  title     = {Counting immutable beans: reference counting optimized for purely
               functional programming},
  booktitle = {Implementation and Application of Functional Languages (IFL)},
  pages     = {3:1--3:12},
  publisher = {{ACM}},
  year      = {2019},
  timestamp = {Thu, 29 Sep 2022 08:36:56 +0200},
  biburl    = {https://dblp.org/rec/conf/ifl/0002M19.bib},
  bibsource = {dblp computer science bibliography, https://dblp.org}
}
